<record><leader>00000cas a2200000 a 4500</leader><controlfield tag="001">34581835</controlfield><controlfield tag="008">960416d18851886miudr ne      0    0eng c</controlfield><datafield ind1=" " ind2=" " tag="010"><subfield code="a">sn 96076532 </subfield></datafield><datafield ind1=" " ind2=" " tag="040"><subfield code="a">MHN</subfield><subfield code="b">eng</subfield><subfield code="c">MHN</subfield><subfield code="d">OCL</subfield><subfield code="d">OCLCQ</subfield><subfield code="d">DLC</subfield><subfield code="d">OCLCQ</subfield><subfield code="d">OCLCF</subfield><subfield code="d">OCLCO</subfield></datafield><datafield ind1="1" ind2=" " tag="029"><subfield code="a">AU@</subfield><subfield code="b">000012367065</subfield></datafield><datafield ind1=" " ind2=" " tag="042"><subfield code="a">pcc</subfield></datafield><datafield ind1=" " ind2=" " tag="043"><subfield code="a">n-us-mi</subfield></datafield><datafield ind1="0" ind2="0" tag="050"><subfield code="a">Newspaper 8423</subfield></datafield><datafield ind1="0" ind2=" " tag="130"><subfield code="a">Detroit daily tribune (Detroit, Mich. : 1885)</subfield></datafield><datafield ind1="1" ind2="0" tag="245"><subfield code="a">Detroit daily tribune.</subfield></datafield><datafield ind1="1" ind2=" " tag="246"><subfield code="i">Sunday issues called:</subfield><subfield code="a">Detroit Sunday tribune</subfield></datafield><datafield ind1="3" ind2=" " tag="246"><subfield code="a">Daily Detroit tribune</subfield></datafield><datafield ind1="3" ind2=" " tag="246"><subfield code="a">Sunday Detroit tribune</subfield></datafield><datafield ind1="1" ind2="3" tag="246"><subfield code="a">Detroit tribune and post</subfield></datafield><datafield ind1="1" ind2="7" tag="246"><subfield code="a">Detroit tribune</subfield></datafield><datafield ind1=" " ind2=" " tag="260"><subfield code="a">Detroit, Mich. :</subfield><subfield code="b">Tribune Print. Co.</subfield></datafield><datafield ind1=" " ind2=" " tag="300"><subfield code="a">v.</subfield></datafield><datafield ind1=" " ind2=" " tag="310"><subfield code="a">Daily</subfield></datafield><datafield ind1="0" ind2=" " tag="362"><subfield code="a">No. 15,886 (Nov. 1, 1885)-no. 16,026 (Mar. 20, 1886).</subfield></datafield><datafield ind1=" " ind2="0" tag="651"><subfield code="a">Detroit (Mich.)</subfield><subfield code="v">Newspapers.</subfield></datafield><datafield ind1=" " ind2="0" tag="651"><subfield code="a">Wayne County (Mich.)</subfield><subfield code="v">Newspapers.</subfield></datafield><datafield ind1=" " ind2="7" tag="655"><subfield code="a">Newspapers.</subfield><subfield code="2">fast</subfield><subfield code="0">(OCoLC)fst01423814</subfield></datafield><datafield ind1=" " ind2="7" tag="651"><subfield code="a">Michigan</subfield><subfield code="z">Detroit.</subfield><subfield code="2">fast</subfield><subfield code="0">(OCoLC)fst01205010</subfield></datafield><datafield ind1=" " ind2="7" tag="651"><subfield code="a">Michigan</subfield><subfield code="z">Wayne County.</subfield><subfield code="2">fast</subfield><subfield code="0">(OCoLC)fst01206628</subfield></datafield><datafield ind1=" " ind2=" " tag="752"><subfield code="a">United States</subfield><subfield code="b">Michigan</subfield><subfield code="c">Wayne</subfield><subfield code="d">Detroit.</subfield></datafield><datafield ind1="0" ind2="0" tag="780"><subfield code="t">Detroit post (Detroit, Mich. : 1884)</subfield><subfield code="w">(DLC)sn 95063988</subfield><subfield code="w">(OCoLC)32880269</subfield></datafield><datafield ind1="0" ind2="0" tag="785"><subfield code="t">Detroit morning tribune</subfield><subfield code="w">(DLC)sn 96076533</subfield><subfield code="w">(OCoLC)34581772</subfield></datafield></record>